@article{Masson2016Legal,
  title={The Legal Information Needs of Civil Society in Zambia},
  author={Masson, Marc Julien and Tahir, Ovais},
  journal={Journal of Open Access to Law},
  volume={4},
  number={1},
  year={2016}
}


@misc{NationalAssembly2023Objectives,
  author = {{National Assembly of Zambia}},
  title = {{About National Assembly}},
  howpublished = {[online] \url{https://www.parliament.gov.zm/node/4529}},
  year = {2023},
  note = {(Accessed September 23, 2024)}
}


@misc{NationalAssembly2021Strategic,
  author = {{National Assembly of Zambia}},
  title = {{The National Assembly of Zambia Strategic Plan 2022-2026}},
  howpublished = {[online] \url{https://www.parliament.gov.zm/sites/default/files/documents/pages/Strategic\%20Plan\%202022\-2026.pdf}},
  year = {2002},
  note = {(Accessed September 23, 2024)}
}


@misc{ZambiaLII2024Website,
  author = {{Zambia Legal Information Institute}},
  title = {{Welcome to the Zambia Legal Information Institute}},
  howpublished = {[online] \url{https://zambialii.org}},
  year = {2024},
  note = {(Accessed September 23, 2024)}
}


@inproceedings{Wirth2000CRISPDM,
  title           = {{CRISP-DM}: Towards a Standard Process Model for Data Mining},
  booktitle       = {Proceedings of the Fourth International Conference on the Practical Application of Knowledge Discovery and Data Mining},
  author          = {Wirth, R and Hipp, Jochen},
  pages           = {29--39},
  year            =  {2000},
  conference      = {International Conference on Practical Application of Knowledge Discovery and Data Mining, \& Practical Application Company},
  location        = {Manchester},
  url             = {http://cs.unibo.it/~danilo.montesi/CBD/Beatriz/10.1.1.198.5133.pdf}
}
